{
  "leader": "01530cam a2200325Ii 4500",
  "fields": [
    {
      "001": "ocm01690553\\"
    },
    {
      "003": "OCoLC"
    },
    {
      "005": "20221206163905.0"
    },
    {
      "008": "751010s1958\\\\\\\\caua\\\\\\\\\\f\\\\\\\\000\\0\\eng\\d"
    },
    {
      "010": {
        "ind1": "\\",
        "ind2": "\\",
        "subfields": [
          {
            "a": "   58059588 "
          }
        ]
      }
    },
    {
      "040": {
        "ind1": "\\",
        "ind2": "\\",
        "subfields": [
          {
            "a": "DZM"
          },
          {
            "b": "eng"
          },
          {
            "c": "DZM"
          },
          {
            "d": "OCLCG"
          },
          {
            "d": "SJL"
          },
          {
            "d": "OCLCQ"
          },
          {
            "d": "UOJ"
          },
          {
            "d": "OCLCO"
          },
          {
            "d": "OCLCQ"
          },
          {
            "d": "OCLCF"
          },
          {
            "d": "OCLCO"
          },
          {
            "d": "OCLCQ"
          },
          {
            "d": "OCLCO"
          }
        ]
      }
    },
    {
      "019": {
        "ind1": "\\",
        "ind2": "\\",
        "subfields": [
          {
            "a": "1043506132"
          }
        ]
      }
    },
    {
      "035": {
        "ind1": "\\",
        "ind2": "\\",
        "subfields": [
          {
            "a": "(OCoLC)1690553"
          },
          {
            "z": "(OCoLC)1043506132"
          }
        ]
      }
    },
    {
      "050": {
        "ind1": "\\",
        "ind2": "4",
        "subfields": [
          {
            "a": "TL215.F7"
          },
          {
            "b": "F34 1958"
          }
        ]
      }
    },
    {
      "082": {
        "ind1": "0",
        "ind2": "4",
        "subfields": [
          {
            "a": "629.2222"
          },
          {
            "b": "FAH"
          }
        ]
      }
    },
    {
      "100": {
        "ind1": "1",
        "ind2": "\\",
        "subfields": [
          {
            "a": "Fahnestock, Murray,"
          },
          {
            "d": "1885-1969."
          }
        ]
      }
    },
    {
      "245": {
        "ind1": "1",
        "ind2": "0",
        "subfields": [
          {
            "a": "Know your Model A Ford: incorporating Know the Ford,"
          },
          {
            "b": "a complete analysis of engineering and leading features of the Model A, and questions and answers on Ford service, a ready reference of the fine points in repair, including exact measurements /"
          },
          {
            "c": "by Murray Fahnestock (member of Society of Automotive Engineers and former technical editor of Ford Dealer & Service Field Magazine)."
          }
        ]
      }
    },
    {
      "260": {
        "ind1": "\\",
        "ind2": "\\",
        "subfields": [
          {
            "a": "Arcadia, Calif. :"
          },
          {
            "b": "Post Motor Books,"
          },
          {
            "c": "1958."
          }
        ]
      }
    },
    {
      "300": {
        "ind1": "\\",
        "ind2": "\\",
        "subfields": [
          {
            "a": "124 pages :"
          },
          {
            "b": "illustrations ;"
          },
          {
            "c": "27 cm"
          }
        ]
      }
    },
    {
      "336": {
        "ind1": "\\",
        "ind2": "\\",
        "subfields": [
          {
            "a": "text"
          },
          {
            "b": "txt"
          },
          {
            "2": "rdacontent"
          }
        ]
      }
    },
    {
      "337": {
        "ind1": "\\",
        "ind2": "\\",
        "subfields": [
          {
            "a": "unmediated"
          },
          {
            "b": "n"
          },
          {
            "2": "rdamedia"
          }
        ]
      }
    },
    {
      "338": {
        "ind1": "\\",
        "ind2": "\\",
        "subfields": [
          {
            "a": "volume"
          },
          {
            "b": "nc"
          },
          {
            "2": "rdacarrier"
          }
        ]
      }
    },
    {
      "650": {
        "ind1": "\\",
        "ind2": "0",
        "subfields": [
          {
            "a": "Ford automobile."
          }
        ]
      }
    },
    {
      "650": {
        "ind1": "\\",
        "ind2": "0",
        "subfields": [
          {
            "a": "Ford automobile"
          },
          {
            "x": "Maintenance and repair"
          },
          {
            "v": "Handbooks, manuals, etc."
          }
        ]
      }
    },
    {
      "650": {
        "ind1": "\\",
        "ind2": "7",
        "subfields": [
          {
            "a": "Ford automobile."
          },
          {
            "2": "fast"
          },
          {
            "0": "(OCoLC)fst00931655"
          }
        ]
      }
    },
    {
      "650": {
        "ind1": "\\",
        "ind2": "7",
        "subfields": [
          {
            "a": "Ford automobile"
          },
          {
            "x": "Maintenance and repair."
          },
          {
            "2": "fast"
          },
          {
            "0": "(OCoLC)fst00931665"
          }
        ]
      }
    },
    {
      "655": {
        "ind1": "\\",
        "ind2": "7",
        "subfields": [
          {
            "a": "Handbooks and manuals."
          },
          {
            "2": "fast"
          },
          {
            "0": "(OCoLC)fst01423877"
          }
        ]
      }
    },
    {
      "994": {
        "ind1": "\\",
        "ind2": "\\",
        "subfields": [
          {
            "a": "Z0"
          },
          {
            "b": "NYRVC"
          }
        ]
      }
    },
    {
      "948": {
        "ind1": "\\",
        "ind2": "\\",
        "subfields": [
          {
            "h": "NO HOLDINGS IN NYRVC - 57 OTHER HOLDINGS"
          }
        ]
      }
    },
    {
      "999": {
        "ind1": "\\",
        "ind2": "\\",
        "subfields": [
          {
            "a": "00000000011846"
          }
        ]
      }
    }
  ]
}